############################################################
                ECSS Standards and Handbooks
############################################################

@techreport{ecss-s-st-00-01,
	title           = {{ECSS-S-ST-00-01 - Glossary of terms}},
	institution     = {ECSS-ESTEC},
	type            = {Technical Report}, 
	number          = {Version C},
	year            = {2023},
	month           = {10},
	key             = {ECSS-S-ST-00-01C},
	author          = {{ECSS Secretariat}},
}

@techreport{ecss-e-st-10-02,
	title           = {{ECSS-E-ST-10-02 - Verification}},
	institution     = {ECSS-ESTEC},
	type            = {Technical Report}, 
	number          = {Rev.1},
	year            = {2018},
	month           = {2},
	key             = {ECSS-E-ST-10-02},
	author          = {{ECSS Secretariat}},
}

@techreport{ecss-e-st-10-03,
	title           = {{ECSS-E-ST-10-03 - Testing}},
	institution     = {ECSS-ESTEC},
	type            = {Technical Report}, 
	number          = {Rev.1},
	year            = {2022},
	month           = {5},
	key             = {ECSS-E-ST-10-03},
	author          = {{ECSS Secretariat}},
}

@techreport{ecss-e-hb-10-02,
	title           = {{ECSS-E-HB-10-02 - Verification guidelines}},
	institution     = {ECSS-ESTEC},
	type            = {Technical Report}, 
	number          = {Version A},
	year            = {2010},
	month           = {12},
	key             = {ECSS-E-HB-10-02A},
	author          = {{ECSS Secretariat}},
}

@techreport{ecss-e-hb-10-03,
	title           = {{ECSS-E-HB-10-03 - Testing guidelines}},
	institution     = {ECSS-ESTEC},
	type            = {Technical Report}, 
	number          = {Version A},
	year            = {2022},
	month           = {5},
	key             = {ECSS-E-HB-10-03A},
	author          = {{ECSS Secretariat}},
}

@manual{eps-guidelines,
  author       = {Ramon de Araujo Borba},
  title        = {EPS Test Plan Guidelines},
  month        = {February},
  year         = {2024},
  organization = {SpaceLab},
  version      = {0.1},
}

@misc{eps2-github,
  author       = {SpaceLab},
  title        = {EPS 2.0 GitHub Repository},
  type         = {GitHub Repository},
  url          = {https://github.com/spacelab-ufsc/eps2},
}